@article{hough,
  title={A survey of the Hough transform},
  author={Illingworth, John and Kittler, Josef},
  journal={Computer vision, graphics, and image processing},
  volume={44},
  number={1},
  pages={87--116},
  year={1988},
  publisher={Elsevier}
}
